<?xml version="1.0" encoding="UTF-8"?><collection xmlns="http://www.loc.gov/MARC21/slim"><record><leader>00390nam--2200133-i-4500</leader><controlfield tag="001">000023003</controlfield><controlfield tag="002">20161230</controlfield><controlfield tag="005">20161230201034</controlfield><controlfield tag="008">060222s1000------------r-----000-0-eng-d</controlfield><datafield ind1=" " ind2=" " tag="100"><subfield code="a">Hornstrup, N. And Lassen, N.O</subfield></datafield><datafield ind1=" " ind2=" " tag="245"><subfield code="a">Half-life of 208 ti (thc``)</subfield></datafield><datafield ind1=" " ind2=" " tag="260"><subfield code="a">Kobenhavn, Det Kongelige Danske Videnskabernes Selskab, 1967. 15p</subfield></datafield><datafield ind1=" " ind2=" " tag="490"><subfield code="a">Matematisk-fysiske Meddelelser</subfield></datafield><datafield ind1=" " ind2=" " tag="852"><subfield code="a">33422</subfield></datafield></record></collection>